
@online{zotero-null-407,
  title = {Bluetooth | Android Developers},
  url = {https://developer.android.com/guide/topics/connectivity/bluetooth.html},
  urldate = {2015-02-06},
  file = {Bluetooth | Android Developers:/home/patrick/.zotero/zotero/atl2x1oe.default/zotero/storage/RM5UGPUR/bluetooth.html:text/html}
}

@online{zotero-null-410,
  title = {Wirsing-{SendingAndReceivingDataViaBluetoothWithAnAndroidDevice}.pdf},
  url = {http://www.egr.msu.edu/classes/ece480/capstone/spring14/group01/docs/appnote/Wirsing-SendingAndReceivingDataViaBluetoothWithAnAndroidDevice.pdf},
  urldate = {2015-01-09},
  file = {Wirsing-SendingAndReceivingDataViaBluetoothWithAnAndroidDevice.pdf:/home/patrick/.zotero/zotero/atl2x1oe.default/zotero/storage/X79BUCHR/Wirsing-SendingAndReceivingDataViaBluetoothWithAnAndroidDevice.html:text/html}
}

@online{GoogleInc.2014,
  title = {{BluetoothChat} Example},
  url = {https://developer.android.com/samples/BluetoothChat/index.html},
  titleaddon = {Android Developers},
  author = {{Google Inc.}},
  urldate = {2015-01-09},
  date = {2014},
  file = {samples/BluetoothChat - platform/development - Git at Google:/home/patrick/.zotero/zotero/atl2x1oe.default/zotero/storage/S9R2PNJ7/BluetoothChat.html:text/html}
}

@online{dpunkt2002,
  title = {Dynamische Proxies},
  url = {http://www.dpunkt.de/java/Die_Sprache_Java/Objektorientierte_Programmierung_mit_Java/75.html},
  titleaddon = {Programmierhandbuch und Referenz für die Java-Plattform},
  author = {{dpunkt.Verlag}},
  urldate = {2015-02-06},
  date = {2002},
  file = {Dynamische Proxies:/home/patrick/.zotero/zotero/atl2x1oe.default/zotero/storage/FNHRKWF7/75.html:text/html}
}

@online{zotero-null-520,
  title = {Java Reflection - Dynamic Proxies | tutorials.jenkov.com},
  url = {http://tutorials.jenkov.com/java-reflection/dynamic-proxies.html},
  urldate = {2015-02-06},
  file = {Java Reflection - Dynamic Proxies | tutorials.jenkov.com:/home/patrick/.zotero/zotero/atl2x1oe.default/zotero/storage/PH35H6WD/dynamic-proxies.html:text/html}
}

@online{zotero-null-522,
  title = {Einen Dynamic Proxy implementieren (1)},
  url = {http://www.bitworld.de/index.php/java/javahowto/1-dynamicproxy1},
  urldate = {2015-02-06},
  file = {Einen Dynamic Proxy implementieren (1):/home/patrick/.zotero/zotero/atl2x1oe.default/zotero/storage/GZH467W8/1-dynamicproxy1.html:text/html}
}

@online{2000,
  title = {Explore the Dynamic Proxy {API}},
  url = {http://www.javaworld.com/article/2076233/java-se/explore-the-dynamic-proxy-api.html},
  abstract = {In Java 1.3, Sun introduced the Dynamic Proxy API, which can
basically mimic any interface. Add that to an abstract data model,
and you can conform any loosely typed data to a strongly typed
interface. This article discusses some of the Dynamic Proxy API's
many benefits.},
  titleaddon = {{JavaWorld}},
  urldate = {2015-02-06},
  date = {2000-11-10},
  file = {Snapshot:/home/patrick/.zotero/zotero/atl2x1oe.default/zotero/storage/U68NAF7Z/explore-the-dynamic-proxy-api.html:text/html}
}

@online{GoogleInc.2015a,
  title = {Handling Runtime Changes},
  url = {https://developer.android.com/guide/topics/resources/runtime-changes.html#RetainingAnObject},
  titleaddon = {Android Developers},
  author = {{Google Inc.}},
  urldate = {2015-02-11},
  date = {2015},
  file = {Handling Runtime Changes | Android Developers:/home/patrick/.zotero/zotero/atl2x1oe.default/zotero/storage/ZSIXXK78/runtime-changes.html:text/html}
}

@online{zotero-null-528,
  title = {java - How to manage a Bluetooth connection on Android through configuration changes? - Stack Overflow},
  url = {https://stackoverflow.com/questions/15465817/how-to-manage-a-bluetooth-connection-on-android-through-configuration-changes},
  urldate = {2015-02-11},
  file = {java - How to manage a Bluetooth connection on Android through configuration changes? - Stack Overflow:/home/patrick/.zotero/zotero/atl2x1oe.default/zotero/storage/TQ76JQH8/how-to-manage-a-bluetooth-connection-on-android-through-configuration-changes.html:text/html}
}

@online{Ricau2015,
  title = {{AndroidAnnotations}},
  url = {http://androidannotations.org/},
  author = {Ricau, Pierre-Yves and Boniface, Mathieu and Thomas, Alexandre and Zapata, Joan and Sertelon, Romain and Villeneuve, Damien},
  urldate = {2015-02-14},
  date = {2015},
  file = {AndroidAnnotations:/home/patrick/.zotero/zotero/atl2x1oe.default/zotero/storage/2QR74RZA/androidannotations.org.html:text/html}
}

@online{Ricau2015a,
  title = {How to stop worrying about threads},
  url = {https://github.com/excilys/androidannotations},
  abstract = {androidannotations - Fast Android Development. Easy maintainance.},
  titleaddon = {excilys/androidannotations Wiki},
  author = {Ricau, Pierre-Yves},
  urldate = {2015-02-14},
  date = {2015},
  langid = {english},
  file = {Snapshot:/home/patrick/.zotero/zotero/atl2x1oe.default/zotero/storage/9DCNUNNX/WorkingWithThreads.html:text/html}
}

@online{GoogleInc.2015,
  title = {Wi-Fi Peer-to-Peer},
  url = {https://developer.android.com/guide/topics/connectivity/wifip2p.html},
  titleaddon = {Android Developers},
  author = {{Google Inc.}},
  urldate = {2015-02-14},
  date = {2015},
  file = {Wi-Fi Peer-to-Peer | Android Developers:/home/patrick/.zotero/zotero/atl2x1oe.default/zotero/storage/5SEIJ8CA/wifip2p.html:text/html}
}

@online{JSON-RPCWorkingGroup2013,
  title = {{JSON}-{RPC} 2.0 Specification},
  url = {http://www.jsonrpc.org/specification},
  author = {{JSON-RPC Working Group}},
  urldate = {2015-02-14},
  date = {2013-01-04},
  langid = {english},
  file = {JSON-RPC 2.0 Specification:/home/patrick/.zotero/zotero/atl2x1oe.default/zotero/storage/RQKMP9S4/specification.html:text/html}
}

@online{greenrobot2015,
  title = {greenrobot/{EventBus}},
  url = {https://github.com/greenrobot/EventBus},
  titleaddon = {Github},
  author = {{greenrobot}},
  urldate = {2015-02-15},
  date = {2015},
  file = {greenrobot/EventBus · GitHub:/home/patrick/.zotero/zotero/atl2x1oe.default/zotero/storage/G3QX34IQ/EventBus.html:text/html}
}

@online{Square2013,
  title = {Otto},
  url = {https://square.github.io/otto/},
  author = {{Square, Inc}},
  urldate = {2015-02-15},
  date = {2013},
  file = {Otto:/home/patrick/.zotero/zotero/atl2x1oe.default/zotero/storage/VKGF56T6/otto.html:text/html}
}

@online{GoogleInc2014,
  title = {google-gson - A Java library to convert {JSON} to Java objects and vice-versa},
  url = {https://code.google.com/p/google-gson/},
  titleaddon = {Google Project Hosting},
  author = {{Google Inc,}},
  urldate = {2015-02-15},
  date = {2014},
  file = {google-gson - A Java library to convert JSON to Java objects and vice-versa - Google Project Hosting:/home/patrick/.zotero/zotero/atl2x1oe.default/zotero/storage/JIIE5FD4/google-gson.html:text/html}
}


